@article{becker1977,
	title={An economic analysis of marital instability},
	author={Becker, Gary S and Landes, Elisabeth M and Michael, Robert T},
	journal={The journal of political economy},
	pages={1141--1187},
	year={1977},
	publisher={JSTOR}
}
@article{marinescu2016,
  title={Divorce: What does learning have to do with it?},
  author={Marinescu, Ioana},
  journal={Labour Economics},
  volume={38},
  pages={90--105},
  year={2016},
  publisher={Elsevier}
}

@article{lillard1995,
	title={Pre-marital Cohabitation and Subsequent Marital Dissolution: A Matter of Self-Selection?},
	author={Lillard, Lee A and Brien, Michael J and Waite, Linda J},
	journal={Demography},
	volume={32},
	number={3},
	pages={437--457},
	year={1995},
	publisher={Springer}
}

@article{brien2006,
	title={Cohabitation, marriage, and divorce in a model of match quality},
	author={Brien, Michael J and Lillard, Lee A and Stern, Steven},
	journal={International Economic Review},
	volume={47},
	number={2},
	pages={451--494},
	year={2006},
	publisher={Wiley Online Library}
}

@article{svarer2004,
	title={Is your love in vain? Another look at premarital cohabitation and divorce},
	author={Svarer, Michael},
	journal={Journal of Human Resources},
	volume={39},
	number={2},
	pages={523--535},
	year={2004},
	publisher={University of Wisconsin Press}
}

@Book{becker1981,
  author={Gary S. Becker},
  title={{A Treatise on the Family}},
  publisher={National Bureau of Economic Research, Inc},
  year=1981,
  month={September},
  volume={},
  number={beck81-1},
  series={NBER Books},
  edition={},
  keywords={},
  doi={},
  isbn={ARRAY(0x64572dd0)},
}
@article{gemici2014,
	title={Marriage and cohabitation},
	author={Gemici, Ahu and Laufer, Steve},
	year={2014},
	 note    = {"Working paper"}
}

@article{adamopoulou2010,
	title={Will you “quasi-marry” me? The rise of cohabitation and decline of marriages},
	author={Adamopoulou, Effrosyni},
	year={2010},
	note    = {"Working paper"}
}

@article{reinhold2010,
  title={Reassessing the link between premarital cohabitation and marital instability},
  author={Reinhold, Steffen},
  journal={Demography},
  volume={47},
  number={3},
  pages={719--733},
  year={2010},
  publisher={Springer}
}

@article{jovanovic1979,
  title={Job matching and the theory of turnover},
  author={Jovanovic, Boyan},
  journal={The Journal of Political Economy},
  pages={972--990},
  year={1979},
  publisher={The University of Chicago Press}
}

@book{sargent2012,
  title={Recursive macroeconomic theory},
  author={Ljungqvist, Lars and Sargent, Thomas J},
  year={2012},
  publisher={MIT press}
}

@article{andersen1982,
  title={Cox's regression model for counting processes: a large sample study},
  author={Andersen, Per Kragh and Gill, Richard David},
  journal={The annals of statistics},
  pages={1100--1120},
  year={1982},
  publisher={JSTOR}
}

@article{fine1999,
  title={A proportional hazards model for the subdistribution of a competing risk},
  author={Fine, Jason P and Gray, Robert J},
  journal={Journal of the American statistical association},
  volume={94},
  number={446},
  pages={496--509},
  year={1999},
  publisher={Taylor \& Francis Group}
}

@article{lundberg2016,
  title={Family Inequality: Diverging Patterns in Marriage, Cohabitation, and Childbearing},
  author={Lundberg, Shelly and Pollak, Robert A and Stearns, Jenna},
  journal={The Journal of Economic Perspectives},
  volume={30},
  number={2},
  pages={79--101},
  year={2016},
  publisher={American Economic Association}
}
@article{cigno2012,
  title={Marriage as a commitment device},
  author={Cigno, Alessandro},
  journal={Review of Economics of the Household},
  volume={10},
  number={2},
  pages={193--213},
  year={2012},
  publisher={Springer}
}
@article{schramm2006,
  title={Individual and social costs of divorce in Utah},
  author={Schramm, David G},
  journal={Journal of Family and Economic Issues},
  volume={27},
  number={1},
  pages={133--151},
  year={2006},
  publisher={Springer}
}

@article{greenwood2016technology,
  title={Technology and the changing family: A unified model of marriage, divorce, educational attainment, and married female labor-force participation},
  author={Greenwood, Jeremy and Guner, Nezih and Kocharkov, Georgi and Santos, Cezar},
  journal={American Economic Journal: Macroeconomics},
  volume={8},
  number={1},
  pages={1--41},
  year={2016},
  publisher={American Economic Association}
}
@book{bowman2010,
  title={Unmarried couples, law, and public policy},
  author={Bowman, Cynthia Grant},
  year={2010},
  publisher={Oxford University Press, USA}
}

@book{thornton2008,
  title={Marriage and cohabitation},
  author={Thornton, Arland and Axinn, William G and Xie, Yu},
  year={2008},
  publisher={University of Chicago Press}
}

@article{fernandez2014,
  title={From Shame to Game in One Hundred Years: An Economic Model of the Rise in Premarital Sex and its De-Stigmatization},
  author={Fern{\'a}ndez-Villaverde, Jes{\'u}s and Greenwood, Jeremy and Guner, Nezih},
  journal={Journal of the European Economic Association},
  volume={12},
  number={1},
  pages={25--61},
  year={2014},
  publisher={Wiley Online Library}
}
